@inproceedings{zehlike2020fairsearch,
  title={FairSearch: A Tool For Fairness in Ranked Search Results},
  author={Zehlike, Meike and S{\"u}hr, Tom and Castillo, Carlos and Kitanovski, Ivan},
  booktitle={Companion Proceedings of the Web Conference 2020},
  pages={172--175},
  year={2020}
}

@book{wightman1998lsac,
	title={LSAC national longitudinal bar passage study},
	author={Wightman, Linda F and Ramsey, Henry},
	year={1998},
	publisher={Law School Admission Council}
}

@article{suhr2020does,
  title={Does Fair Ranking Improve Minority Outcomes? Understanding the Interplay of Human and Algorithmic Biases in Online Hiring},
  author={S{\"u}hr, Tom and Hilgard, Sophie and Lakkaraju, Himabindu},
  journal={arXiv preprint arXiv:2012.00423},
  year={2020}
}

@article{zehlike2020matching,
	title={Matching code and law: achieving algorithmic fairness with optimal transport},
	author={Zehlike, Meike and Hacker, Philipp and Wiedemann, Emil},
	journal={Data Mining and Knowledge Discovery},
	volume={34},
	number={1},
	pages={163--200},
	year={2020},
	publisher={Springer}
}

@inproceedings{beutel2019fairness,
	title={Fairness in recommendation ranking through pairwise comparisons},
	author={Beutel, Alex and Chen, Jilin and Doshi, Tulsee and Qian, Hai and Wei, Li and Wu, Yi and Heldt, Lukasz and Zhao, Zhe and Hong, Lichan and Chi, Ed H and others},
	booktitle={Proceedings of the 25th ACM SIGKDD International Conference on Knowledge Discovery \& Data Mining},
	pages={2212--2220},
	year={2019}
}

@inproceedings{singh2019policy,
	title={Policy learning for fairness in ranking},
	author={Singh, Ashudeep and Joachims, Thorsten},
	booktitle={Advances in Neural Information Processing Systems},
	pages={5427--5437},
	year={2019}
}

@inproceedings{channamsetty2017recommender,
	title={Recommender Response to Diversity and Popularity Bias in User Profiles (short paper)},
	author={Channamsetty, Sushma and Ekstrand, Michael D},
	booktitle={30th International Florida Artificial Intelligence Research Society Conference},
	year={2017}
}

@inproceedings{kulshrestha_2017_quantifying,
	author = {Kulshrestha, Juhi and Zafar, Muhammad B. and Eslami, Motahhare and Ghosh, Saptarshi and Messias, Johnnatan and Gummadi, Krishna P.},
	citeulike-article-id = {14234077},
	comment = {(private-note)Assumes each item to be ranked has a "bias" (e.g., left-leaning=-1 or right-leaning=+1) and aggregates those biases into the bias of a list, by weighting more heavily the bias of elements shown towards the top of the list.
	},
	keywords = {bias, ranking},
	booktitle = {Proc. of {CSCW}},
	location = {Portland, Oregon, USA},
	month = feb,
	posted-at = {2016-12-25 14:59:33},
	priority = {0},
	title = {Quantifying search bias: Investigating sources of bias for political searches in social media},
	year = {2017}
}

@article{friedman1996bias,
	title={Bias in computer systems},
	author={Friedman, Batya and Nissenbaum, Helen},
	journal={ACM Transactions on Information Systems},
	volume={14},
	number={3},
	pages={330--347},
	year={1996},
	publisher={ACM Press}
}

@article{angwin_2016_machine,
	author = {Angwin, Julia and Larson, Jeff and Mattu, Surya and Kirchner, Lauren},
	citeulike-article-id = {14239644},
	citeulike-linkout-0 = {https://www.propublica.org/article/machine-bias-risk-assessments-in-criminal-sentencing},
	journal = {ProPublica},
	keywords = {discrimination},
	month = may,
	posted-at = {2016-12-28 09:56:51},
	priority = {0},
	title = {Machine Bias},
	REMOVED-url = {https://www.propublica.org/article/machine-bias-risk-assessments-in-criminal-sentencing},
	year = {2016}
}

@misc{lichman_2013_uci,
	author = "M. Lichman",
	year = "2013",
	title = "{UCI} Machine Learning Repository",
	REMOVED-url = "http://archive.ics.uci.edu/ml",
	institution = "University of California, Irvine, School of Information and Computer Sciences"
}

@misc{sat_2014,
	author = {{The College Board}},
	year = {2014},
	title = {{SAT} Percentile Ranks},
	REMOVED-url = "https://secure-media.collegeboard.org/digitalServices/pdf/sat/sat-percentile-ranks-composite-crit-reading-math-writing-2014.pdf"
}

@inproceedings{zemel2013learning,
	title={Learning Fair Representations.},
	author={Zemel, Richard S and Wu, Yu and Swersky, Kevin and Pitassi, Toniann and Dwork, Cynthia},
	booktitle={Proc. of {ICML}},
	pages={325--333},
	year={2013}
}

@inproceedings{kumar2010generalized,
	title={Generalized distances between rankings},
	author={Kumar, Ravi and Vassilvitskii, Sergei},
	booktitle={Proc. of {WWW}},
	pages={571--580},
	year={2010},
	publisher={ACM Press}
}

@article{Sweeney2013,
	title={Discrimination in online ad delivery},
	author={Sweeney, Latanya},
	journal={Queue},
	volume={11},
	number={3},
	pages={10},
	year={2013},
	publisher={ACM Press}
}

@article{Datta2012,
	title={Automated experiments on Ad privacy settings},
	author={Datta, Amit and Tschantz, Michael Carl and Datta, Anupam},
	journal={Proc. of {PET}},
	volume={2015},
	number={1},
	pages={92--112},
	year={2015}
}

@article{Roth1997,
	title={The effects of the change in the NRMP matching algorithm},
	author={Roth, Alvin E and Peranson, Elliott},
	journal={JAMA},
	volume={278},
	number={9},
	pages={729--732},
	year={1997},
	publisher={American Medical Association}
}

@article{Barocas2014,
	title={Big data's disparate impact},
	author={Barocas, Solon and Selbst, Andrew D},
	journal={SSRN 2477899},
	year={2014}
}

@misc{Hardt2014,
	title={How big data is unfair: Understanding sources of unfairness in data driven decision making},
	author={Hardt, Moritz},
	year={2014},
	publisher={Medium}
}

@incollection{ChaldersChap,
	title={Why unbiased computational processes can lead to discriminative decision procedures},
	author={Calders, Toon and {\v{Z}}liobait{\.e}, Indr{\.e}},
	booktitle={Discrimination and Privacy in the Information Society},
	pages={43--57},
	year={2013},
	publisher={Springer}
}

@article{Romeimulti,
	title={A multidisciplinary survey on discrimination analysis},
	author={Romei, Andrea and Ruggieri, Salvatore},
	journal={The Knowledge Engineering Review},
	volume={29},
	number={05},
	pages={582--638},
	year={2014},
	publisher={Cambridge Univ. Press}
}

@book{CaldersBook,
	title={Discrimination and privacy in the information society},
	author={Custers, B. and Calders, T. and Schermer, B. and Zarsky, T. },
	year={2013},
	school={Springer}
}

@incollection{gellert2013comparative,
	title={A comparative analysis of anti-discrimination and data protection legislations},
	author={Gellert, Rapha{\"e}l and De Vries, Katja and De Hert, Paul and Gutwirth, Serge},
	booktitle={Discrimination and Privacy in the Information Society},
	pages={61--89},
	year={2013},
	publisher={Springer}
}

@article{hajian2014discrimination,
	title={Discrimination-and privacy-aware patterns},
	author={Hajian, Sara and Domingo-Ferrer, Josep and Monreale, Anna and Pedreschi, Dino and Giannotti, Fosca},
	journal={Data Mining and Knowledge Discovery},
	volume={29},
	number={6},
	pages={1733--1782},
	year={2015},
	publisher={Springer}
}

@article{hajian2014,
	title={Generalization-based privacy preservation and discrimination prevention in data publishing and mining},
	author={Hajian, Sara and Domingo-Ferrer, Josep and Farr{\`a}s, Oriol},
	journal={Data Mining and Knowledge Discovery},
	volume={28},
	number={5-6},
	pages={1158--1188},
	year={2014},
	publisher={Springer}
}

@inproceedings{Dwork2012,
	title={Fairness through awareness},
	author={Dwork, Cynthia and Hardt, Moritz and Pitassi, Toniann and Reingold, Omer and Zemel, Richard},
	booktitle={Proc. of {ITCS}},
	pages={214--226},
	year={2012},
	publisher={ACM Press}
}

@article{Ruggieri2014,
	title={Using t-closeness anonymity to control for non-discrimination},
	author={Ruggieri, Salvatore},
	journal={Transactions on Data Privacy},
	volume={7},
	number={2},
	pages={99--129},
	year={2014}
}

@article{Zliobaite2015,
	title={A survey on measuring indirect discrimination in machine learning},
	author={Zliobaite, Indre},
	journal={arXiv:1511.00148},
	year={2015}
}

@inproceedings{pedreSAC,
	title={A study of top-k measures for discrimination discovery},
	author={Pedreschi, Dino and Ruggieri, Salvatore and Turini, Franco},
	booktitle={Proc. of {SAC}},
	pages={126--131},
	year={2012},
	publisher={ACM Press}
}

@inproceedings{peder2008,
	title={Discrimination-aware data mining},
	author={Pedreshi, Dino and Ruggieri, Salvatore and Turini, Franco},
	booktitle={Proc. of {KDD}},
	pages={560--568},
	year={2008},
	publisher={ACM Press}
}

@inproceedings{pederruggi2009,
	title={Measuring Discrimination in Socially-Sensitive Decision Records},
	author={Pedreschi, Dino and Ruggieri, Salvatore and Turini, Franco},
	booktitle={Proc. of {SDM}},
	pages={581--592},
	year={2009},
	publisher={SIAM}
}

@article{RPT2010,
	title={Data mining for discrimination discovery},
	author={Ruggieri, Salvatore and Pedreschi, Dino and Turini, Franco},
	journal={ACM Transactions on Knowledge Discovery from Data},
	volume={4},
	number={2},
	pages={9},
	year={2010},
	publisher={ACM Press}
}

@inproceedings{Ruggieri2011,
	title={k-NN as an implementation of situation testing for discrimination discovery and prevention},
	author={Luong, Binh Thanh and Ruggieri, Salvatore and Turini, Franco},
	booktitle={Proc. of {KDD}},
	pages={502--510},
	year={2011},
	publisher={ACM Press}
}

@article{Mancuhan2014,
	title={Combating discrimination using Bayesian networks},
	author={Mancuhan, Koray and Clifton, Chris},
	journal={Artificial intelligence and law},
	volume={22},
	number={2},
	pages={211--238},
	year={2014},
	publisher={Springer}
}

@article{Bonchi2015,
	title={Exposing the probabilistic causal structure of discrimination},
	author={Bonchi, Francesco and Hajian, Sara and Mishra, Bud and Ramazzotti, Daniele},
	journal={International Journal of Data Science and Analytics},
	volume={3},
	number={1},
	pages={1--21},
	year={2017},
	publisher={Springer}
}

@incollection{atttack2014,
	title={Anti-discrimination Analysis Using Privacy Attack Strategies},
	author={Ruggieri, Salvatore and Hajian, Sara and Kamiran, Faisal and Zhang, Xiangliang},
	booktitle={Machine Learning and Knowledge Discovery in Databases},
	pages={694--710},
	year={2014},
	publisher={Springer}
}

@inproceedings{Kamiran2012ICDMW,
	title={Classifying socially sensitive data without discrimination: an analysis of a crime suspect dataset},
	author={Kamiran, Faisal and Karim, Asad and Verwer, Sicco and Goudriaan, Heike},
	booktitle={Proc. of {ICDMW} workshops},
	pages={370--377},
	year={2012},
	publisher={IEEE CS}
}

@article{Romei2013,
	title={Discrimination discovery in scientific project evaluation: A case study},
	author={Romei, Andrea and Ruggieri, Salvatore and Turini, Franco},
	journal={Expert Systems with Applications},
	volume={40},
	number={15},
	pages={6064--6079},
	year={2013},
	publisher={Elsevier}
}

@inproceedings{Mikians2012,
	title={Detecting price and search discrimination on the internet},
	author={Mikians, Jakub and Gyarmati, L{\'a}szl{\'o} and Erramilli, Vijay and Laoutaris, Nikolaos},
	booktitle={Proc. of {HotNets}},
	pages={79--84},
	year={2012},
	publisher={ACM Press}
}

@inproceedings{rugipedre2010,
	title={DCUBE: Discrimination discovery in databases},
	author={Ruggieri, Salvatore and Pedreschi, Dino and Turini, Franco},
	booktitle={Proc. of {SIGMOD}},
	pages={1127--1130},
	year={2010},
	publisher={ACM Press}
}

@article{Tramer2015,
	title={Discovering Unwarranted Associations in Data-Driven Applications with the FairTest Testing Toolkit},
	author={Tramer, Florian and Atlidakis, Vaggelis and Geambasu, Roxana and Hsu, Daniel and Hubaux, Jean-Pierre and Humbert, Mathias and Juels, Ari and Lin, Huang},
	journal={arXiv:1510.02377},
	year={2015}
}

@article{HajianFerrer12,
	title={A methodology for direct and indirect discrimination prevention in data mining},
	author={Hajian, Sara and Domingo-Ferrer, Josep},
	journal={IEEE TKDE},
	volume={25},
	number={7},
	removed-pages={1445--1459},
	year={2013},
	publisher={IEEE CS}
}

@article{Kamiran2012,
	title={Data preprocessing techniques for classification without discrimination},
	author={Kamiran, Faisal and Calders, Toon},
	journal={Knowledge and Information Systems},
	volume={33},
	number={1},
	pages={1--33},
	year={2012},
	publisher={Springer}
}

@inproceedings{Calders2011,
	title={Handling conditional discrimination},
	author={Zliobaite, Indre and Kamiran, Faisal and Calders, Toon},
	booktitle={Proc. of {ICDM}},
	pages={992--1001},
	year={2011},
	publisher={IEEE CS}
}

@inproceedings{Feldman2015,
	title={Certifying and removing disparate impact},
	author={Feldman, Michael and Friedler, Sorelle A and Moeller, John and Scheidegger, Carlos and Venkatasubramanian, Suresh},
	booktitle={Proc. of {KDD}},
	pages={259--268},
	year={2015},
	publisher={ACM Press}
}

@article{Zliobaite2015FATML,
	title={On the relation between accuracy and fairness in binary classification},
	author={Zliobaite, Indre},
	journal={arXiv:1505.05723},
	year={2015}
}

@article{Calders2010,
	title={Three naive Bayes approaches for discrimination-free classification},
	author={Calders, Toon and Verwer, Sicco},
	journal={Data Mining and Knowledge Discovery},
	volume={21},
	number={2},
	pages={277--292},
	year={2010},
	publisher={Springer}
}

@article{zafar2015,
	title={Fairness constraints: A mechanism for fair classification},
	author={Zafar, Muhammad Bilal and Valera, Isabel and Rodriguez, Manuel Gomez and Gummadi, Krishna P},
	journal={arXiv:1507.05259},
	year={2015}
}

@article{Fish2016,
	title={A Confidence-Based Approach for Balancing Fairness and Accuracy},
	author={Fish, Benjamin and Kun, Jeremy and Lelkes, {\'A}d{\'a}m D},
	journal={arXiv:1601.05764},
	year={2016}
}

@inproceedings{CaldersICDM,
	title={Discrimination aware decision tree learning},
	author={Kamiran, Faisal and Calders, Toon and Pechenizkiy, Mykola},
	booktitle={Proc. of {ICDM}},
	pages={869--874},
	year={2010},
	publisher={IEEE CS}
}

@inproceedings{Kamiran2012IN,
	title={Decision theory for discrimination-aware classification},
	author={Kamiran, Faisal and Karim, Asad and Zhang, Xiangliang},
	booktitle={Proc. of {ICDM}},
	pages={924--929},
	year={2012},
	publisher={IEEE CS}
}


@inproceedings{hajian2012ICDM,
	title={Injecting discrimination and privacy awareness into pattern discovery},
	author={Hajian, Sara and Monreale, Anna and Pedreschi, Dino and Domingo-Ferrer, Josep and Giannotti, Fosca},
	booktitle={Proc. of {ICDM} workshops},
	pages={360--369},
	year={2012},
	publisher={IEEE CS}
}

@article{ruggi2010,
	title={Data mining for discrimination discovery},
	author={Ruggieri, Salvatore and Pedreschi, Dino and Turini, Franco},
	journal={ACM Transactions on Knowledge Discovery from Data (TKDD)},
	volume={4},
	number={2},
	pages={9},
	year={2010},
	publisher={ACM Press}
}

@incollection{Kamishima2012,
	title={Fairness-aware classifier with prejudice remover regularizer},
	author={Kamishima, Toshihiro and Akaho, Shotaro and Asoh, Hideki and Sakuma, Jun},
	booktitle={Machine Learning and Knowledge Discovery in Databases},
	pages={35--50},
	year={2012},
	publisher={Springer}
}

@inproceedings{Zemel2013,
	title={Learning fair representations},
	author={Zemel, Rich and Wu, Yu and Swersky, Kevin and Pitassi, Toni and Dwork, Cynthia},
	booktitle={Proc. of {ICML}},
	pages={325--333},
	year={2013}
}

@inproceedings{weinsberg2012blurme,
	title={BlurMe: Inferring and obfuscating user gender based on ratings},
	author={Weinsberg, Udi and Bhagat, Smriti and Ioannidis, Stratis and Taft, Nina},
	booktitle={Proc. of {RecSys}},
	pages={195--202},
	year={2012},
	Publisher={ACM Press}
}

@inproceedings{narayanan2008robust,
	title={Robust de-anonymization of large sparse datasets},
	author={Narayanan, Arvind and Shmatikov, Vitaly},
	booktitle={Proc. of {SP}},
	pages={111--125},
	year={2008},
	publisher={IEEE CS}
}

@article{guerraoui2015d,
	title={D 2 P: distance-based differential privacy in recommenders},
	author={Guerraoui, Rachid and Kermarrec, Anne-Marie and Patra, Rhicheek and Taziki, Mahsa},
	journal={Proceedings of the VLDB Endowment},
	volume={8},
	number={8},
	pages={862--873},
	year={2015},
	publisher={VLDB Endowment}
}

@inproceedings{mcsherry2009differentially,
	title={Differentially private recommender systems: building privacy into the net},
	author={McSherry, Frank and Mironov, Ilya},
	booktitle={Proc. of {KDD}},
	pages={627--636},
	year={2009},
	publisher={ACM Press}
}

@inproceedings{lim2015top,
	title={Top-n recommendation with missing implicit feedback},
	author={Lim, Daryl and McAuley, Julian and Lanckriet, Gert},
	booktitle={Proc. of {RecSys}},
	pages={309--312},
	year={2015},
	publisher={ACM Press}
}

@article{harper2016movielens,
	title={The movielens datasets: History and context},
	author={Harper, F Maxwell and Konstan, Joseph A},
	journal={ACM Transactions on Interactive Intelligent Systems},
	volume={5},
	number={4},
	pages={19},
	year={2016},
	publisher={ACM Press}
}

@inproceedings{hu2008collaborative,
	title={Collaborative filtering for implicit feedback datasets},
	author={Hu, Yifan and Koren, Yehuda and Volinsky, Chris},
	booktitle={Proc. of {ICDM}},
	pages={263--272},
	year={2008},
	publisher={IEEE CS}
}

@article{goldberg1990finding,
	title={Finding minimum-cost circulations by successive approximation},
	author={Goldberg, Andrew V and Tarjan, Robert E},
	journal={Mathematics of Operations Research},
	volume={15},
	number={3},
	pages={430--466},
	year={1990},
	publisher={INFORMS}
}

@article{goldberg1997efficient,
	title={An efficient implementation of a scaling minimum-cost flow algorithm},
	author={Goldberg, Andrew V},
	journal={Journal of algorithms},
	volume={22},
	number={1},
	pages={1--29},
	year={1997},
	publisher={Elsevier}
}

@book{goldberg1993implementing,
	title={On implementing scaling push-relabel algorithms for the minimum-cost flow problem},
	author={Goldberg, Andrew V and Kharitonov, Michael},
	volume={12},
	year={1993},
	publisher={DIMACS Series in Discrete Mathematics and Theoretical Computer Science}
}

@misc{ wiki:preRec,
	author = "Wikipedia",
	title = "Precision and recall --- Wikipedia{,} The Free Encyclopedia",
	year = "2016",
	url = "https://en.wikipedia.org/w/index.php?title=Precision_and_recall&oldid=733184353",
	note = "[Online; accessed 25-August-2016]"
}

@inproceedings{levy2013efficient,
	title={Efficient top-n recommendation by linear regression},
	author={Levy, Mark and Jack, Kris},
	booktitle={Proc. of Large Scale Recommender Systems Workshop at {RecSys}},
	year={2013}
}

@inproceedings{agrawal2009diversifying,
	title={Diversifying search results},
	author={Agrawal, Rakesh and Gollapudi, Sreenivas and Halverson, Alan and Ieong, Samuel},
	booktitle={Proceedings of the second ACM international conference on web search and data mining},
	pages={5--14},
	year={2009},
	organization={ACM}
}

@inproceedings{biega2018equity,
	title={Equity of attention: Amortizing individual fairness in rankings},
	author={Biega, Asia J and Gummadi, Krishna P and Weikum, Gerhard},
	booktitle={The 41st International ACM SIGIR Conference on Research \& Development in Information Retrieval},
	pages={405--414},
	year={2018},
	organization={ACM}
}

@article{breiman2001random,
	title={Random forests},
	author={Breiman, Leo},
	journal={Machine learning},
	volume={45},
	number={1},
	pages={5--32},
	year={2001},
	publisher={Springer}
}

@inproceedings{carbonell1998use,
	title={The use of MMR, diversity-based reranking for reordering documents and producing summaries},
	author={Carbonell, Jaime and Goldstein, Jade},
	booktitle={Proc. of {SIGIR}},
	pages={335--336},
	year={1998},
	publisher={ACM Press}
}

@article{castillo2018fairness,
	title={Fairness and Transparency in Ranking},
	author={Carlos Castillo},
	journal={{SIGIR} Forum},
	volume={52},
	issue={2},
	month=12,
	year=2018,
}


@article{celis2016fair,
	title={How to be Fair and Diverse?},
	author={Celis, L Elisa and Deshpande, Amit and Kathuria, Tarun and Vishnoi, Nisheeth K},
	journal={arXiv:1610.07183},
	year={2016}
}

@article{celis2017ranking,
	title={Ranking with Fairness Constraints},
	author={Celis, L Elisa and Straszak, Damian and Vishnoi, Nisheeth K},
	journal={arXiv:1704.06840},
	year={2017}
}

@article{corbett2017algorithmic,
	title={Algorithmic decision making and the cost of fairness},
	author={Corbett-Davies, Sam and Pierson, Emma and Feller, Avi and Goel, Sharad and Huq, Aziz},
	journal={arXiv:1701.08230},
	year={2017}
}

@inproceedings{CraswellZTR08,
	author    = {Nick Craswell and
	Onno Zoeter and
	Michael J. Taylor and
	Bill Ramsey},
	title     = {An experimental comparison of click position-bias models},
	booktitle = {Proc. of {WSDM}},
	pages     = {87--94},
	year      = {2008},
	publisher = {ACM Press}
}

@book{ellis2012eu,
	title={EU anti-discrimination law},
	author={Ellis, Evelyn and Watson, Philippa},
	year={2012},
	publisher={Oxford University Press}
}

@article{friedler2016possibility,
	title={On the (im) possibility of fairness},
	author={Friedler, Sorelle A and Scheidegger, Carlos and Venkatasubramanian, Suresh},
	journal={arXiv:1609.07236},
	year={2016}
}

@article{geyik2019fairness,
	title={Fairness-Aware Ranking in Search \& Recommendation Systems with Application to LinkedIn Talent Search},
	author={Geyik, Sahin Cem and Ambler, Stuart and Kenthapadi, Krishnaram},
	journal={arXiv preprint arXiv:1905.01989},
	year={2019}
}

@inproceedings{hardt2016equality,
	title={Equality of opportunity in supervised learning},
	author={Hardt, Moritz and Price, Eric and Srebro, Nati},
	booktitle={Proc. of {NIPS}},
	pages={3315--3323},
	year={2016},
	publisher={Curran Associates, Inc.}
}

@article{jabbari2016fair,
	title={Fair Learning in Markovian Environments},
	author={Jabbari, Shahin and Joseph, Matthew and Kearns, Michael and Morgenstern, Jamie and Roth, Aaron},
	journal={arXiv:1611.03071},
	year={2016}
}

@article{jarvelin2002cumulated,
	title={Cumulated gain-based evaluation of IR techniques},
	author={J{\"a}rvelin, Kalervo and Kek{\"a}l{\"a}inen, Jaana},
	journal={ACM Transactions on Information Systems},
	volume={20},
	number={4},
	pages={422--446},
	year={2002},
	publisher={ACM}
}

@article{joseph2016rawlsian,
	title={Rawlsian fairness for machine learning},
	author={Joseph, Matthew and Kearns, Michael and Morgenstern, Jamie and Neel, Seth and Roth, Aaron},
	journal={arXiv:1610.09559},
	year={2016}
}

@article{kleinberg2016inherent,
	title={Inherent trade-offs in the fair determination of risk scores},
	author={Kleinberg, Jon and Mullainathan, Sendhil and Raghavan, Manish},
	journal={arXiv:1609.05807},
	year={2016}
}

@inproceedings{kuhlman2019fare,
	title={FARE: Diagnostics for Fair Ranking using Pairwise Error Metrics},
	author={Kuhlman, Caitlin and VanValkenburg, MaryAnn and Rundensteiner, Elke},
	booktitle={The World Wide Web Conference},
	pages={2936--2942},
	year={2019},
	organization={ACM}
}

@article{kunaver2017diversity,
	title={Diversity in recommender systems--A survey},
	author={Kunaver, Matev{\v{z}} and Po{\v{z}}rl, Toma{\v{z}}},
	journal={Knowledge-Based Systems},
	volume={123},
	pages={154--162},
	year={2017},
	publisher={Elsevier}
}

@article{lahoti2019operationalizing,
	title={Operationalizing Individual Fairness with Pairwise Fair Representations},
	author={Lahoti, Preethi and Gummadi, Krishna P and Weikum, Gerhard},
	journal={arXiv preprint arXiv:1907.01439},
	year={2019}
}

@book{lerner2003group,
	title={Group rights and discrimination in international law},
	author={Lerner, N{\=a}t{\=a}n},
	volume={77},
	year={2003},
	publisher={Martinus Nijhoff Publishers}
}

@online{multinomcdf,
	author = {The Pennsylvania State University},
	title = {The Multinomial Distribution},
	year = 2018,
	url = {https://newonlinecourses.science.psu.edu/stat504/node/40/},
	urldate = {2019-06-27}
}

@article{narasimhan2019pairwise,
	title={Pairwise Fairness for Ranking and Regression},
	author={Narasimhan, Harikrishna and Cotter, Andrew and Gupta, Maya and Wang, Serena},
	journal={arXiv preprint arXiv:1906.05330},
	year={2019}
}

@book{oneil2016weapons,
	title={Weapons of math destruction: How big data increases inequality and threatens democracy},
	author={O'Neil, Cathy},
	year={2016},
	publisher={Crown Publishing Group},
}

@book{pasquale2015black,
	title={The black box society: The secret algorithms that control money and information},
	author={Pasquale, Frank},
	year={2015},
	publisher={Harvard University Press}
}

@inproceedings{pedreschi2009integrating,
	title={Integrating induction and deduction for finding evidence of discrimination},
	author={Pedreschi, Dino and Ruggieri, Salvatore and Turini, Franco},
	booktitle={Proc. of {AI} and {Law}},
	pages={157--166},
	year={2009},
	publisher={ACM Press}
}

@article{robertson1977probability,
	title={The probability ranking principle in IR},
	author={Robertson, Stephen E},
	journal={Journal of documentation},
	volume={33},
	number={4},
	pages={294--304},
	year={1977},
	publisher={MCB UP Ltd}
}

@inproceedings{sakai2011evaluating,
	title={Evaluating diversified search results using per-intent graded relevance},
	author={Sakai, Tetsuya and Song, Ruihua},
	booktitle={Proc. of {SIGIR}},
	pages={1043--1052},
	year={2011},
	publisher={ACM Press}
}

@article{scikit-learn,
	title={Scikit-learn: Machine Learning in {P}ython},
	author={Pedregosa, F. and Varoquaux, G. and Gramfort, A. and Michel, V.
	and Thirion, B. and Grisel, O. and Blondel, M. and Prettenhofer, P.
	and Weiss, R. and Dubourg, V. and Vanderplas, J. and Passos, A. and
	Cournapeau, D. and Brucher, M. and Perrot, M. and Duchesnay, E.},
	journal={Journal of Machine Learning Research},
	volume={12},
	pages={2825--2830},
	year={2011}
}

@inproceedings{singh2018fairness,
	title={Fairness of exposure in rankings},
	author={Singh, Ashudeep and Joachims, Thorsten},
	booktitle={Proceedings of the 24th ACM SIGKDD International Conference on Knowledge Discovery \& Data Mining},
	pages={2219--2228},
	year={2018},
	organization={ACM}
}

@book{sowell2005affirmative,
	title={Affirmative action around the world: An empirical analysis},
	author={Sowell, Thomas},
	year={2005},
	publisher={Yale University Press}
}

@inproceedings{tuto2016,
	author    = {Sara Hajian and
	Francesco Bonchi and
	Carlos Castillo},
	title     = {Algorithmic Bias: From Discrimination Discovery to Fairness-aware
	Data Mining},
	booktitle = {{KDD} Tutorials},
	year = {2016}
}

@article{verge2010gendering,
	title={Gendering representation in Spain: Opportunities and limits of gender quotas},
	author={Verge, T{\`a}nia},
	journal={J. of Women, Politics \& Policy},
	volume={31},
	number={2},
	pages={166--190},
	year={2010},
	publisher={Taylor \& Francis}
}

@inproceedings{yang2016measuring,
	author = {Yang, Ke and Stoyanovich, Julia},
	booktitle = {Proc. of {FATML}},
	citeulike-article-id = {14232941},
	day = {18},
	keywords = {fairness, ranking},
	location = {New York City, USA},
	month = nov,
	posted-at = {2016-12-25 12:08:46},
	priority = {0},
	title = {Measuring Fairness in Ranked Outputs},
	year = {2016}
}

@inproceedings{yang2018nutritional,
	title={A nutritional label for rankings},
	author={Yang, Ke and Stoyanovich, Julia and Asudeh, Abolfazl and Howe, Bill and Jagadish, HV and Miklau, Gerome},
	booktitle={Proceedings of the 2018 International Conference on Management of Data},
	pages={1773--1776},
	year={2018},
	organization={ACM}
}

@inproceedings{zafar2017fairness,
	title={Fairness beyond disparate treatment \& disparate impact: Learning classification without disparate mistreatment},
	author={Zafar, Muhammad Bilal and Valera, Isabel and Gomez Rodriguez, Manuel and Gummadi, Krishna P},
	booktitle={Proceedings of the 26th International Conference on World Wide Web},
	pages={1171--1180},
	year={2017},
	organization={International World Wide Web Conferences Steering Committee}
}


@inproceedings{zehlike2017fair,
	title={{FA*IR}: A fair top-k ranking algorithm},
	author={Zehlike, Meike and Bonchi, Francesco and Castillo, Carlos and Hajian, Sara and Megahed, Mohamed and Baeza-Yates, Ricardo},
	booktitle={Proceedings of the 2017 ACM on Conference on Information and Knowledge Management},
	pages={1569--1578},
	year={2017},
	organization={ACM}
}

@article{zehlike2018reducing,
	title={Reducing disparate exposure in ranking: A learning to rank approach},
	author={Zehlike, Meike and Castillo, Carlos},
	journal={arXiv preprint arXiv:1805.08716},
	year={2018}
}

@inproceedings{zliobaite2011handling,
	title={Handling conditional discrimination},
	author={{\v{Z}}liobaite, Indre and Kamiran, Faisal and Calders, Toon},
	booktitle={Proc. of {ICDM}},
	pages={992--1001},
	year={2011},
	publisher={IEEE CS}
}

@article{zliobaite2015survey,
	title={A survey on measuring indirect discrimination in machine learning},
	author={\v{Z}liobait\.{e}, Indr\.{e}},
	journal={arXiv:1511.00148 (pre-print)},
	year={2015}
}
